<?xml version="1.0" encoding="UTF-8"?><collection xmlns="http://www.loc.gov/MARC21/slim"><record><leader>00468nam--2200181-i-4500</leader><controlfield tag="001">000042741</controlfield><controlfield tag="002">20161230</controlfield><controlfield tag="005">20170129010622</controlfield><controlfield tag="008">060222s1000------------r-----000-0-eng-d</controlfield><datafield ind1=" " ind2=" " tag="080"><subfield code="a">548.4</subfield></datafield><datafield ind1=" " ind2=" " tag="100"><subfield code="a">Staveley, L. A. K</subfield></datafield><datafield ind1=" " ind2=" " tag="245"><subfield code="a">Disorder in crystal</subfield></datafield><datafield ind1=" " ind2=" " tag="260"><subfield code="a">Oxford</subfield><subfield code="b">Clarendon Press</subfield><subfield code="c">1978</subfield></datafield><datafield ind1=" " ind2=" " tag="300"><subfield code="a">XXVIII + 926 p</subfield></datafield><datafield ind1=" " ind2=" " tag="490"><subfield code="a">The Int.Series Of Monographs On Chemistry</subfield></datafield><datafield ind1=" " ind2=" " tag="700"><subfield code="a">Parsonage, N. G</subfield></datafield><datafield ind1=" " ind2=" " tag="852"><subfield code="a">75001</subfield></datafield><datafield ind1=" " ind2=" " tag="CAT"><subfield code="a">SYS</subfield><subfield code="c">20170129</subfield><subfield code="h">010622</subfield></datafield></record></collection>